
@inproceedings{en1,
  title={Laplacian surface editing},
  author={Sorkine, Olga and Cohen-Or, Daniel and Lipman, Yaron and Alexa, Marc and R{\"o}ssl, Christian and Seidel, H-P},
  booktitle={Proceedings of the 2004 Eurographics/ACM SIGGRAPH symposium on Geometry processing},
  pages={175--184},
  year={2004}
}

@article{en2,
  title={Parametrization and smooth approximation of surface triangulations},
  author={Floater, Michael S},
  journal={Computer aided geometric design},
  volume={14},
  number={3},
  pages={231--250},
  year={1997},
  publisher={Elsevier}
}